%Hemsida som jag besökte 12 maj 2016 för att få en bild som beskriver ytornas miller-index till min kandidat.

%ARTICLES	

%The original article by Kohn and Hohenberg that is the foundation of DFT
@ARTICLE {Kohn_and_Hohenberg64,
    author  = "W. Kohn and P. Hohenberg",
    title   = "Inhomogeneous Electron Gas",
    journal = "PHYSICAL REVIEW$_B$",
    year    = "1964",
    month	= "November",
    volume  = "136",
    number  = "3B",
    pages   = "B864 - B871",
}

@MISC {functional,
	urrl			=  "http://mathworld.wolfram.com/Functional.html",  
   	 author       		= "Rowland, Todd",
   	 title        		= "functional",
   	 howpublished	= "MathWorld--A Wolfram Web Resource",
   	 note         		= "created by: Eric W. Weisstein"
}

%The second original articla by Konh and Sham, where an implementation of the previous article is shown
@ARTICLE {Kohn_and_Sham65,
    author  	= "W. Kohn and L. J. Sham",
    title   	= "Self-Consistent Equations Including Exchange and Correlation Effects",
    journal 	= "PHYSICAL REVIEW$_B$",
    year    	= "1965",
    month	= "November",
    volume  	= "140",
    number  	= "4A",
    pages   	= "A1133 - A1138",
}

%The article that the program that I used is based on
@ARTICLE {paine,
    author  	= "M. C. Payne et al.",
    title   	= "Iterative mimimizaation techniques for ab inition total-energy calculations: molecular dynamics and conjugate gradients",
    journal 	= "Reviews of Modern Physics",
    year    	= "1992",
    month	= "October",
    volume  	= "64",
    number  	= "4",
    pages   	= "1045 - 1097",
}

%A compendium that is easier to understand than Paine et al
@ARTICLE {burke,
    author  	= "Kieron Burke and friends",
    title   	= "The ABC of DFT",
    journal 	= "Reviews of Modern Physics",
    year    	= "2003",
    month	= "April",
    urrl		= "http://dft.rutgers.edu/kieron/beta"
}

%Materials study vill att man refererar till dem om man använder sig av CASTEP
@ARTICLE {castep,
    author  = "Payne M. C and et. al.",
    title   = "First principles methods using CASTEP",
    journal = "Zeitschrift fuer Kristallographie",
    year    = "2005",
    volume  = "5-6",
    number  = "220",
    pages   = "567-570"
}


%Den här artikeln är skrivna av min handledare Karin Larsson och Daniel Petrini
@ARTICLE {d.petrini*k.larsson2006,
    author  = "D. Petrini* and K. Larsson",
    title   = "A Theoretical Study of the Energetic Stability and Geometry of Hydrogen- and Oxygen-Terminated Diamond (100) Surfaces",
    journal = "The Journal of Physical Chemistry",
    year    = "2006",
    volume  = "C 2007",
    number  = "111",
    pages   = "795-801",
    month   = "oct",
    note    = "© 2007 American Chemical Society"
}
%Den här artikeln är skrivna av min handledare Karin Larsson och Daniel Petrini
@ARTICLE {d.petrini*k.larsson2007,
    author  = "D. Petrini* and K. Larsson",
    title   = "Theoretical Study of the Thermodynamic and Kinetic Aspects of Terminated (111) Diamond Surfaces",
    journal = "The Journal of Physical Chemistry",
    year    = "2007",
    volume  = "C 2008",
    number  = "112",
    pages   = "3018-3026",
    month   = "dec",
    note    = "Department of Materials Chemistry, Angstrom Laboratory, Uppsala UniVersity Box 538, SE-751 21 Uppsala, Sweden
 2008 American Chemical Society"
}


%Den här artikeln är skrivna av min handledare Karin Larsson och Daniel Petrini
@ARTICLE {d.petrini*k.larsson2008,
    author  = "D. Petrini* and K. Larsson",
    title   = "Origin of the Reactivity on the Nonterminated (100), (110), and (111) Diamond Surfaces: An Electronic Structure DFT Study",
    journal = "The Journal of Physical Chemistry",
    year    = "2008",
    volume  = "C 2008",
    number  = "112",
    pages   = "14367–14376",
    month   = "mar",
    note    = "Department of Materials Chemistry, Angstrom Laboratory, Uppsala UniVersity Box 538, SE-751 21 Uppsala, Sweden
 2008 American Chemical Society"
}


%Artikel skriven av en kollega och delarbetare i projekt runt min handledare, Karin Larsson. e metastudie
@ARTICLE {ankekrueger2007,
    author  = "Anke Krueger and references therein",
    title   = "The structure and reactivity of nanoscale diamond",
    journal = "Journal of Materials Chemistry",
    year    = "2007",
    number  = "18",
    pages   = "1485–1492",
    month   = "oct",
    note    = "This journal is ª The Royal Society of Chemistry 2008"
}


%Intressant artikel som visar att diamant kan användas till mikroelektronik (sensorer och modifikation)
@ARTICLE {yangwenshaw2002,
    author  = "Yang and Wensha W",
    title   = "DNA-modified nanocrystalline diamond thin-films as stable, biologically active substrates.",
    journal = "Nature materials",
    year    = "2002",
    volume  = "1",
    number  = "4",
    pages   = "253-257",
    month   = "dec"
}


@ARTICLE {johnb.miller2001,
    author   = "John B. Miller",
    title    = "Order, disorder, and quasiorder in the hydrogen-bond networks of diamond-NH2 surfaces",
    journal  = "Journal of Chemical Physics",
    year     = "2001",
    volume   = "115",
    number   = "5",
    pages    = "2303-2311",
}


@ARTICLE {yan.dong2010,
    author  = "Yandong Ma and Hao Jin and Ying Dai and Baibiao Huang",
    title   = "Study of ammonia molecule adsorbing on diamond (100) surface",
    journal = "Applied Surface Science",
    year    = "2010",
    volume  = "256",
    pages   = "4136-4141",
}

@ARTICLE {kwang-soup.song2006,
    author  = "Kwang-Soup Song and Yusuke Nakamura and Yuichi Sasaki and Munenori Degawa and Jung-Hoon Yang and Hiroshi Kawarada",
    title   = "pH-sensitive diamond field-effect transistors (FETs) with directsly aminated channel surface",
    journal = "Analytica Chimica Acta",
    year    = "2006",
    number  = "573-574",
    pages   = "3-8",
}

@ARTICLE {lin.lai2011,
    author  = "Lin Lai and Amanda S. Barnard",
    title   = "Stability of Nanodiamond Surfaces Exposed to N, NH and NH2",
    journal = "The Journal of Physical Chemistry",
    year    = "2011",
    volume  = "115",
    pages   = "6218-6228",
}

@ARTICLE {johnb.miller1999,
    author  = "John B. Miller",
    title   = "Amines and thiols on diamond surfaces",
    journal = "Surface Science",
    year    = "1999",
    volume  = "439",
    pages   = "23-33",
}

%A metha study that makes a summary of different articles pertaining the surface of nanodiamonds synthesised with single-crystalline CVD. They also have an extensive study whereas they grow nanodiamond using cvd before using photo and electrohemical reactions to attach various biochemical functional group to the surface... Dont know enough about biochemistry.
@ARTICLE {c.e.nebel2007,
    author  = "Christoph E. Nebel* and Dongchan Shin and Bohuslav Rezek and Norio Tokuda and Hiroshi Uetsuka and Hideyuki Watanabe",
    title   = "Diamond and biology",
    journal = "Journal of the Royal Society Interface",
    year    = "2007",
    volume  = "4",
    pages   = "439-461",
    note 	= "References cited therein"
}



%Article describing (for example) that hydrogen terminated diamond is stable
@ARTICLE {toshiaki2007,
    author  = "Toshiaki Enoki and Yousuke Kobayashi and Chika Katsuyama and Vladimir Yu. Osipov  and Marina V. Baidakova and Kazuyuki Takai and Ken-ichi Fukui a and Alexander Ya. Vul'",
    title   = "Structures and electronic properties of surface/edges of nanodiamond and nanographite",
    journal = "Diamond \& Related Materials",
    year    = "2007",
    volume  = "16",
    pages   = "2029 – 2034",
    note    = "a Department of Chemistry, Tokyo Institute of Technology, 2-12-1/W4-1 Ookayama, Meguro-ku, Tokyo 152-8551, Japan b Ioffe Physico-Technical Institute, Polytechnicheskaya 26, St. Petersburg 194021, Russia"
}


%BOOKS

%Min kursbok i oorganisk kemi
@BOOK {inorganicchemistrybook,
    author    	= "ska fixas",
    title     	= "ska fixas",
    publisher 	= "Oxford University Press",
    year      	= "2005",
    volume    	= "4",
    month     	= "sep"
}



%Mina kursböcker i beräkningskemi
%Oxford, primer, den tunna gröna
@BOOK {computionalprimer,
    author    = "Computational Chemistry",
    title     = "Guy H.Grant and W.Graham Richards",
    publisher = "Oxford University Press",
    year      = "1995",       
}
%Den tjocka, tunga och svarta
@BOOK {MMPAA,
    author    = "ska fixas",
    title     = "ska fixas",
    publisher = "Pearson Education Limited",
    year      = "2001", 
    edition	 = "second",    
}
%Citerat viss sida i kandidatuppsats.
@BOOK {MMPAA1,
    author    = "ska fixas",
    title     = "ska fixas",
    publisher = "Pearson Education Limited",
    year      = "2001", 
    edition	 = "second", 
    pages	= "65-74"      
}
@BOOK {MMPAA2,
    author    = "ska fixas",
    title     = "ska fixas",
    publisher = "Pearson Education Limited",
    year      = "2001", 
    edition	 = "second", 
    pages	= "126-127"      
}
@BOOK {MMPAA3,
    author    = "ska fixas",
    title     = "ska fixas",
    publisher = "Pearson Education Limited",
    year      = "2001", 
    edition	 = "second", 
    pages	= "134-135"      
}
%Mina kursböcker i oorganisk ytkemi
%Citerat i kandidatuppsats
@BOOK {BAHC,
    author    = "Michael Bowker",
    title     = "The Basis and Applications of Heterogeneous Catalysis",
    publisher = "Oxford University Press",
    year      = "1998",
    chapter	= "1.2",  
    pages	= "12-23"      
}
%Citerat i kandidatuppsatsen
@BOOK {surfaces,
    author    = "Gary Attard and Colin Barnes",
    title     = "Surfaces",
    publisher = "Oxford University Press",
    year      = "1998",
    chapter	= "1",
    pages	= "1-37"    
}

%Hägg
%Diamantstruktur är av zinkblände-typ
@BOOK {hagg,
    author    = "ska fixas",
    title     = "ska fixas",
    publisher = "Almqvist och Wiksell",
    year      = "1963",
    volume    = "Tredje upplagan",
    pages	= "193"
}


%ONLINE

@ONLINE {millerindex,
    author 	= " Materials Studio and PyMOL and CrystalMaker",
    title  	= "ZnS - Zinc Blende, Sphalerite ",
    month  	= "june",
    year   	= "2016",
    url    	= "http://www.chemtube3d.com/solidstate/_blende%28final%29.htm",
    note	= "© 2008-2015 The University of Liverpool"
}

@ONLINE {generaldiamond,
    author 	= "Glossary of nanotechnology and related terms",
    title  	= "Miller indices",
    month  	= "may",
    year   	= "2016",
    url    	= "http://eng.thesaurus.rusnano.com/wiki/article14161"
    
}


%Here is the place I found practical information about CASTEP
@ONLINE {helpcastep1,
    title        		= "Setting the quality of a calculation",
    organization 	= "BIOVIA",
    institution  	= "Accelrys Materials Studio 8.0 Help",
    year         		= "2014",
    month        	= "dec",
    url          		= "http://www.tcm.phy.cam.ac.uk/castep/documentation/WebHelp/content/modules/castep/thcastep.htm"
}


%Here is the place I found the meaning of *medium quality*
@ONLINE {helpcastep2,
    title        = "Setting the quality of a calculation",
    organization = "BIOVIA",
    institution  = "Accelrys Materials Studio 8.0 Help",
    year         = "2014",
    month        = "dec",
    url          = "http://www.tcm.phy.cam.ac.uk/castep/documentation/WebHelp/content/modules/castep/tskcastepsetelecquality.htm"
}


%Casteps hjälpsida, beskrivning av exempelvis `supercell approach´
@ONLINE {castephelp,
    author = "ska fixas",
    title  = "ska fixas",
    month  = "dec",
    year   = "2014",
    url    = "http://www.tcm.phy.cam.ac.uk/castep/documentation/WebHelp/content/modules/castep/thcastepbackground.htm"
}

